@manual{coq:manual,
  title =        {The Coq Proof Assistant Reference Manual},
  author =       {\mbox{The Coq development team,
  organization = {LogiCal Project},
  note =         {Version 8.0},
  year =         {2004},
  url =          "http://coq.inria.fr"
}