@article{wadler,
  title={Propositions as types},
  author={Wadler, Philip},
  journal={Communications of the ACM},
  volume={58},
  number={12},
  pages={75--84},
  year={2015},
  publisher={ACM}
}
@book{martinlof1984book,
  title={Intuitionistic type theory},
  author={Martin-L{\"o}f, Per and Sambin, Giovanni},
  volume={9},
  year={1984},
  publisher={Bibliopolis Napoli}
}
@incollection{kolmogorov,
  title={On the interpretation of intuitionistic logic},
  author={Tikhomirov, VM},
  booktitle={Selected works of AN Kolmogorov},
  pages={151--158},
  year={1991},
  publisher={Springer}
}
@article{martinlof1982constructive,
  title={Constructive mathematics and computer programming},
  author={Martin-L{\"o}f, Per},
  journal={Studies in Logic and the Foundations of Mathematics},
  volume={104},
  pages={153--175},
  year={1982},
  publisher={Elsevier}
}
@article{martinlof1996meanings,
  title={On the meanings of the logical constants and the justifications of the logical laws},
  author={Martin-L{\"o}f, Per},
  journal={Nordic journal of philosophical logic},
  volume={1},
  number={1},
  pages={11--60},
  year={1996}
}