@Comment{********** Reference texts }

@book{book,
  author    = {The {Univalent Foundations Program}},
  title     = {Homotopy Type Theory: Univalent Foundations of Mathematics},
  publisher = {\url{https://homotopytypetheory.org/book}},
  address   = {Institute for Advanced Study},
  year      = {2013}
}

@manual{coq-manual,
  title =        {The Coq Proof Assistant Reference Manual},
  author =       {The Coq development team},
  organization = {LogiCal Project},
  note =         {Version 8.0},
  year =         {2004},
  url =          {\url{http://coq.inria.fr}}
}

@book{maclane,
  title={Categories for the working mathematician},
  author={Mac Lane, Saunders},
  volume={5},
  year={2013},
  publisher={Springer Science \& Business Media}
}

@Comment{********** Per Martin-Lof }

@book{martin-lof-itt,
  title={Intuitionistic type theory},
  author={Martin-L{\"o}f, Per and Sambin, Giovanni},
  volume={9},
  year={1984},
  publisher={Bibliopolis Napoli}
}

@article{martin-lof-constructive,
  title={Constructive mathematics and computer programming},
  author={Martin-L{\"o}f, Per},
  journal={Studies in Logic and the Foundations of Mathematics},
  volume={104},
  pages={153--175},
  year={1982},
  publisher={Elsevier}
}

@article{martin-lof-100-years,
  title={100 years of Zermeloâ€™s axiom of choice: what was the problem with it?},
  author={Martin-L{\"o}f, Per},
  journal={Logicism, intuitionism, and formalism},
  pages={209--219},
  year={2009},
  publisher={Springer}
}

@Comment{********** Background papers }

@article{wadler-propositions,
  title={Propositions as types},
  author={Wadler, Philip},
  journal={Communications of the ACM},
  volume={58},
  number={12},
  pages={75--84},
  year={2015},
  publisher={ACM}
}

@Comment{****** Philosophical implications }

@article{awodey-proposition-homotopy-type,
  title={A proposition is the (homotopy) type of its proofs},
  author={Awodey, Steve},
  journal={arXiv preprint arXiv:1701.02024},
  year={2017}
}
@article{shulman-synthetic,
  title={Homotopy type theory: A synthetic approach to higher equalities},
  author={Shulman, Michael},
  journal={arXiv preprint arXiv:1601.05035},
  year={2016}
}

@Comment{****** Rigour }


@Comment url = {\url{http://www.nytimes.com/1993/06/24/us/at-last-shout-of-eureka-in-age-old-math-mystery.html}}
@misc{nyt,
 title = {At Last, Shout of `Eureka!' In Age-Old Math Mystery},
 note = {Accessed: 2018-02},
 journal = {The New York Times},
 author = {Gina Kolata},
 month = {June},
 year = {1993}
}

@article{kolata,
  doi = {10.1126/science.192.4243.989},
  url = {https://doi.org/10.1126%2Fscience.192.4243.989},
  year  = {1976},
  month = {June},
  publisher = {American Association for the Advancement of Science ({AAAS})},
  volume = {192},
  number = {4243},
  pages = {989--990},
  author = {Gina Bari Kolata},
  title = {Mathematical Proofs: The Genesis of Reasonable Doubt},
  journal = {Science}
}

@article{rigor-and-proof,
 ISSN = {0025570X, 19300980},
 URL = {http://www.jstor.org/stable/2690647},
 author = {Israel Kleiner},
 journal = {Mathematics Magazine},
 number = {5},
 pages = {291--314},
 publisher = {Mathematical Association of America},
 title = {Rigor and Proof in Mathematics: A Historical Perspective},
 volume = {64},
 year = {1991}
}

@article{fidelity,
 ISSN = {00029890, 19300972},
 URL = {http://www.jstor.org/stable/2316620},
 author = {P. J. Davis},
 journal = {The American Mathematical Monthly},
 number = {3},
 pages = {252-263},
 publisher = {Mathematical Association of America},
 title = {Fidelity in Mathematical Discourse: Is One and One Really Two?},
 volume = {79},
 year = {1972}
}

@Comment{******************** Voevodsky }

@Comment https://www.quantamagazine.org/univalent-foundations-redefines-mathematics-20150519/
@Comment https://nautil.us/issue/24/error/in-mathematics-mistakes-arent-what-they-used-to-be
@Comment https://www.ias.edu/ideas/2014/voevodsky-origins

@misc{quanta,
  title={Will Computers Redefine the Roots of Math?},
  url={https://www.quantamagazine.org/univalent-foundations-redefines-mathematics-20150519/},
  journal={Quanta Magazine},
  author={Hartnett, Kevin},
  year={2015},
  month={May}
}

@misc{voevodsky-ias,
  title={The Origins and Motivations of Univalent Foundations},
  url={https://www.ias.edu/ideas/2014/voevodsky-origins},
  author={Vladimir Voevodsky},
  journal={Institute for Advanced Study},
  publisher={Institute for Advanced Study},
  year={2014}
}